@book{titchmarsh1986,
  title={The Theory of the Riemann Zeta-Function},
  author={Titchmarsh, E.~C. and Heath-Brown, D.~R.},
  publisher={Oxford University Press},
  year={1986}
}
@article{baezduarte2005,
  title={A New Necessary and Sufficient Condition for the Riemann Hypothesis},
  author={B\'aez-Duarte, Luis},
  journal={Advances in Mathematics},
  volume={196}, number={1}, pages={123--133}, year={2005}
}
@book{rudin1987, title={Real and Complex Analysis}, author={Rudin, Walter}, publisher={McGraw-Hill}, year={1987}}
